<?xml version="1.0" encoding="UTF-8"?>
<!-- Search-Engine-Total-Number-Of-Results: 2 -->
<collection xmlns="http://www.loc.gov/MARC21/slim">
<record>
  <controlfield tag="001">21178</controlfield>
  <controlfield tag="005">20200204091015.0</controlfield>
  <datafield tag="035" ind1=" " ind2=" ">
    <subfield code="a">(pacradio)01469</subfield>
  </datafield>
  <datafield tag="041" ind1=" " ind2=" ">
    <subfield code="a">eng</subfield>
  </datafield>
  <datafield tag="245" ind1=" " ind2=" ">
    <subfield code="a">Wanda Coleman</subfield>
  </datafield>
  <datafield tag="260" ind1=" " ind2=" ">
    <subfield code="a">Los Angeles </subfield>
    <subfield code="b">Pacifica Radio Archives</subfield>
    <subfield code="c">1993.</subfield>
  </datafield>
  <datafield tag="269" ind1=" " ind2=" ">
    <subfield code="a">1993</subfield>
  </datafield>
  <datafield tag="300" ind1=" " ind2=" ">
    <subfield code="a">1 online resource.</subfield>
  </datafield>
  <datafield tag="336" ind1=" " ind2=" ">
    <subfield code="a">Audio</subfield>
  </datafield>
  <datafield tag="520" ind1=" " ind2=" ">
    <subfield code="a">Poet Opal Palmer Adisa interviews writer/poet Wanda Coleman, author of Mad Dog, Black Lady, African Sleeping Sickness and Hand Dance, among other books. Coleman discusses when she found her poetic voice, talks about the function of poetry, her personal encounters with anti-Black discrimination, and about the reluctance of white liberals to discuss issues that affect the Black community. She also talks about the plight of the African American community in South Central Los Angeles. The poems Coleman reads are A civilized plague, David Polion, Notes of a cultural terrorist and Jazz wazz.</subfield>
  </datafield>
  <datafield tag="536" ind1=" " ind2=" ">
    <subfield code="a">Sponsored by the National Historical Publications and Records Commission at the National Archives and Records Administration as part of Pacifica's American Women Making History and Culture: 1963-1982 grant preservation project.</subfield>
  </datafield>
  <datafield tag="540" ind1=" " ind2=" ">
    <subfield code="a">RESTRICTED.  Permissions, licensing requests, and all other inquiries should be directed in writing to: Director of the Archives, Pacifica Radio Archives, 3729 Cahuenga Blvd. West, North Hollywood, CA 91604, 800-735-0230 x 263, fax 818-506-1084, info@pacificaradioarchives.org, http://www.pacificaradioarchives.org</subfield>
  </datafield>
  <datafield tag="700" ind1="1" ind2=" ">
    <subfield code="a">Coleman, Wanda.</subfield>
    <subfield code="e">interviewee.</subfield>
  </datafield>
  <datafield tag="700" ind1="1" ind2=" ">
    <subfield code="a">Adisa, Opal Palmer.</subfield>
    <subfield code="e">interviewer.</subfield>
  </datafield>
  <datafield tag="710" ind1="2" ind2=" ">
    <subfield code="a">Pacifica Radio Archive.</subfield>
  </datafield>
  <datafield tag="710" ind1="2" ind2=" ">
    <subfield code="a">KPFA (Radio station : Berkeley, Calif.).</subfield>
  </datafield>
  <datafield tag="852" ind1=" " ind2=" ">
    <subfield code="c">The Library</subfield>
  </datafield>
  <datafield tag="856" ind1="4" ind2="1">
    <subfield code="u">http://oskicat.berkeley.edu/record=b23305522</subfield>
    <subfield code="y">View library catalog record.</subfield>
  </datafield>
  <datafield tag="856" ind1="4" ind2="2">
    <subfield code="u">https://avplayer.lib.berkeley.edu/Pacifica/b23305522</subfield>
    <subfield code="y">Play Audio for American Women Making History and Culture. Freely available for streaming.</subfield>
  </datafield>
  <datafield tag="901" ind1=" " ind2=" ">
    <subfield code="m">b23305522</subfield>
    <subfield code="o">947286899</subfield>
  </datafield>
  <datafield tag="903" ind1=" " ind2=" ">
    <subfield code="b">m</subfield>
  </datafield>
  <datafield tag="980" ind1=" " ind2=" ">
    <subfield code="a">pacradio</subfield>
  </datafield>
  <datafield tag="982" ind1=" " ind2=" ">
    <subfield code="a">Pacifica Radio Archives</subfield>
    <subfield code="b">Pacifica Radio Archives Social Activism Sound Recording Project</subfield>
  </datafield>
  <datafield tag="998" ind1=" " ind2=" ">
    <subfield code="a">00:54:03</subfield>
    <subfield code="g">PRA_NHPRC1_AZ1084_00_000_00.mp3</subfield>
  </datafield>
</record>