
<record>
  <controlfield tag="001">19790</controlfield>
  <controlfield tag="005">20200204091019.0</controlfield>
  <datafield tag="035" ind1=" " ind2=" ">
    <subfield code="a">(pacradio)00081</subfield>
  </datafield>
  <datafield tag="041" ind1=" " ind2=" ">
    <subfield code="a">eng</subfield>
  </datafield>
  <datafield tag="245" ind1=" " ind2=" ">
    <subfield code="a">Anna Quindlen, live at Barnard College</subfield>
  </datafield>
  <datafield tag="260" ind1=" " ind2=" ">
    <subfield code="a">Los Angeles </subfield>
    <subfield code="b">Pacifica Radio Archives</subfield>
    <subfield code="c">1993.</subfield>
  </datafield>
  <datafield tag="269" ind1=" " ind2=" ">
    <subfield code="a">1993</subfield>
  </datafield>
  <datafield tag="300" ind1=" " ind2=" ">
    <subfield code="a">1 online resource.</subfield>
  </datafield>
  <datafield tag="336" ind1=" " ind2=" ">
    <subfield code="a">Audio</subfield>
  </datafield>
  <datafield tag="520" ind1=" " ind2=" ">
    <subfield code="a">Anna Quindlen, sydicated columnist at the New York Times, speaks about her education and background. Her column focuses on injustice and inequality of women. She describes the recent upward movement of women in law, the press, business, etc. She speaks specifically of sharing the wealth and the importance of continuing the women's movement. Recorded ca. 1993.</subfield>
  </datafield>
  <datafield tag="536" ind1=" " ind2=" ">
    <subfield code="a">Sponsored by the National Historical Publications and Records Commission at the National Archives and Records Administration as part of Pacifica's American Women Making History and Culture: 1963-1982 grant preservation project.</subfield>
  </datafield>
  <datafield tag="540" ind1=" " ind2=" ">
    <subfield code="a">RESTRICTED.  Permissions, licensing requests, and all other inquiries should be directed in writing to: Director of the Archives, Pacifica Radio Archives, 3729 Cahuenga Blvd. West, North Hollywood, CA 91604, 800-735-0230 x 263, fax 818-506-1084, info@pacificaradioarchives.org, http://www.pacificaradioarchives.org</subfield>
  </datafield>
  <datafield tag="700" ind1="1" ind2=" ">
    <subfield code="a">Quindlen, Anna.</subfield>
    <subfield code="e">speaker.</subfield>
  </datafield>
  <datafield tag="710" ind1="2" ind2=" ">
    <subfield code="a">Pacifica Radio Archive.</subfield>
  </datafield>
  <datafield tag="710" ind1="2" ind2=" ">
    <subfield code="a">WBAI (Radio station : New York, N.Y.).</subfield>
  </datafield>
  <datafield tag="852" ind1=" " ind2=" ">
    <subfield code="c">The Library</subfield>
  </datafield>
  <datafield tag="856" ind1="4" ind2="1">
    <subfield code="u">http://oskicat.berkeley.edu/record=b23306451</subfield>
    <subfield code="y">View library catalog record.</subfield>
  </datafield>
  <datafield tag="856" ind1="4" ind2="2">
    <subfield code="u">https://avplayer.lib.berkeley.edu/Pacifica/b23306451</subfield>
    <subfield code="y">Play Audio for American Women Making History and Culture. Freely available for streaming.</subfield>
  </datafield>
  <datafield tag="901" ind1=" " ind2=" ">
    <subfield code="m">b23306451</subfield>
    <subfield code="o">947287963</subfield>
  </datafield>
  <datafield tag="903" ind1=" " ind2=" ">
    <subfield code="b">m</subfield>
  </datafield>
  <datafield tag="980" ind1=" " ind2=" ">
    <subfield code="a">pacradio</subfield>
  </datafield>
  <datafield tag="982" ind1=" " ind2=" ">
    <subfield code="a">Pacifica Radio Archives</subfield>
    <subfield code="b">Pacifica Radio Archives Social Activism Sound Recording Project</subfield>
  </datafield>
  <datafield tag="998" ind1=" " ind2=" ">
    <subfield code="a">00:44:03</subfield>
    <subfield code="g">PRA_NHPRC1_IZ0443_00_000_00.mp3</subfield>
  </datafield>
</record>
</collection>